<record><leader>00000cas a22000007a 4500</leader><controlfield tag="001">12047360</controlfield><controlfield tag="008">850517d18841884njudn ne      0    0eng d</controlfield><datafield ind1=" " ind2=" " tag="010"><subfield code="a">sn 85035747 </subfield></datafield><datafield ind1=" " ind2=" " tag="040"><subfield code="a">NPA</subfield><subfield code="b">eng</subfield><subfield code="c">NPA</subfield><subfield code="d">OCLCQ</subfield></datafield><datafield ind1=" " ind2=" " tag="042"><subfield code="a">msc</subfield></datafield><datafield ind1="0" ind2=" " tag="130"><subfield code="a">Evening star (New Brunswick, N.J. : 1884)</subfield></datafield><datafield ind1="1" ind2="4" tag="245"><subfield code="a">The evening star.</subfield></datafield><datafield ind1=" " ind2=" " tag="260"><subfield code="a">New Brunswick, N.J. :</subfield><subfield code="b">Howard B. Tindell and Harry G. Hose,</subfield><subfield code="c">1884.</subfield></datafield><datafield ind1=" " ind2=" " tag="300"><subfield code="a">v. :</subfield><subfield code="b">ill.</subfield></datafield><datafield ind1=" " ind2=" " tag="310"><subfield code="a">Daily (except Sun.)</subfield></datafield><datafield ind1="0" ind2=" " tag="362"><subfield code="a">-v. 1, no. 27 (June 25, 1884).</subfield></datafield><datafield ind1="1" ind2=" " tag="362"><subfield code="a">Began with May 24, 1884 issue.</subfield><subfield code="z">Cf. Wright, W.C. and Stellhorn, P.A. Direct. of N.J. newspapers.</subfield></datafield><datafield ind1=" " ind2=" " tag="500"><subfield code="a">Published by Howard B. Tindell, June 24-25, 1884.</subfield></datafield><datafield ind1=" " ind2=" " tag="500"><subfield code="a">"The people's penny paper."</subfield></datafield><datafield ind1=" " ind2=" " tag="530"><subfield code="a">Also issued on microfilm by Micro-Graphic Corp., Garfield, N.J.</subfield></datafield><datafield ind1=" " ind2=" " tag="588"><subfield code="a">Description based on: Vol. 1, no. 2 (May 26, 1884).</subfield></datafield><datafield ind1=" " ind2=" " tag="752"><subfield code="a">United States</subfield><subfield code="b">New Jersey</subfield><subfield code="c">Middlesex</subfield><subfield code="d">New Brunswick.</subfield></datafield><datafield ind1="1" ind2=" " tag="029"><subfield code="a">AU@</subfield><subfield code="b">000025785798</subfield></datafield></record>